@inproceedings{campo1987robust,
	title={Robust model predictive control},
	author={Campo, Peter J and Morari, Manfred},
	booktitle={1987 American control conference},
	pages={1021--1026},
	year={1987},
	organization={IEEE}
}
@book{Bellman:DynamicProgramming,
	added-at = {2011-08-17T16:08:47.000+0200},
	author = {Bellman, Richard},
	biburl = {https://www.bibsonomy.org/bibtex/29cdd821222218ded252c8ba5cd712666/pcbouman},
	interhash = {acf948462171ca060064a7ded257a792},
	intrahash = {9cdd821222218ded252c8ba5cd712666},
	isbn = {9780486428093},
	keywords = {book dynamic programming},
	publisher = {Dover Publications},
	timestamp = {2011-08-18T09:10:27.000+0200},
	title = {{Dynamic Programming}},
	year = 1957
}
@article{sutton1988learning,
	title={Learning to predict by the methods of temporal differences},
	author={Sutton, Richard S},
	journal={Machine learning},
	volume={3},
	pages={9--44},
	year={1988},
	publisher={Springer}
}
@article{watkins1992q,
	title={Q-learning},
	author={Watkins, Christopher JCH and Dayan, Peter},
	journal={Machine learning},
	volume={8},
	pages={279--292},
	year={1992},
	publisher={Springer}
}
@article{zhang2022robust,
	title={Robust learning-based predictive control for discrete-time nonlinear systems with unknown dynamics and state constraints},
	author={Zhang, Xinglong and Liu, Jiahang and Xu, Xin and Yu, Shuyou and Chen, Hong},
	journal={IEEE Transactions on Systems, Man, and Cybernetics: Systems},
	volume={52},
	number={12},
	pages={7314--7327},
	year={2022},
	publisher={IEEE}
}
@article{alhazmi2022reinforcement,
	title={A reinforcement learning-based economic model predictive control framework for autonomous operation of chemical reactors},
	author={Alhazmi, Khalid and Albalawi, Fahad and Sarathy, S Mani},
	journal={Chemical Engineering Journal},
	volume={428},
	pages={130993},
	year={2022},
	publisher={Elsevier}
}
@article{tang2020improved,
	title={An improved kinematic model predictive control for high-speed path tracking of autonomous vehicles},
	author={Tang, Luqi and Yan, Fuwu and Zou, Bin and Wang, Kewei and Lv, Chen},
	journal={IEEE Access},
	volume={8},
	pages={51400--51413},
	year={2020},
	publisher={IEEE}
}
@article{wang2019path,
	title={Path tracking control for autonomous vehicles based on an improved MPC},
	author={Wang, Hengyang and Liu, Biao and Ping, Xianyao and An, Quan},
	journal={IEEE Access},
	volume={7},
	pages={161064--161073},
	year={2019},
	publisher={IEEE}
}
@article{wang2022data,
	title={Data-driven Predictive Tracking Control based on Koopman Operators},
	author={Wang, Ye and Yang, Yujia and Pu, Ye and Manzie, Chris},
	journal={arXiv preprint arXiv:2208.12000},
	year={2022}
}

@article{yao2020control,
	title={Control strategies on path tracking for autonomous vehicle: State of the art and future challenges},
	author={Yao, Qiangqiang and Tian, Ying and Wang, Qun and Wang, Shengyuan},
	journal={IEEE Access},
	volume={8},
	pages={161211--161222},
	year={2020},
	publisher={IEEE}
}

@article{mnih2015human,
	title={Human-level control through deep reinforcement learning},
	author={Mnih, Volodymyr and Kavukcuoglu, Koray and Silver, David and Rusu, Andrei A and Veness, Joel and Bellemare, Marc G and Graves, Alex and Riedmiller, Martin and Fidjeland, Andreas K and Ostrovski, Georg and others},
	journal={nature},
	volume={518},
	number={7540},
	pages={529--533},
	year={2015},
	publisher={Nature Publishing Group}
}

@article{schulman2017proximal,
	title={Proximal policy optimization algorithms},
	author={Schulman, John and Wolski, Filip and Dhariwal, Prafulla and Radford, Alec and Klimov, Oleg},
	journal={arXiv preprint arXiv:1707.06347},
	year={2017}
}

@inproceedings{schulman2015trust,
	title={Trust region policy optimization},
	author={Schulman, John and Levine, Sergey and Abbeel, Pieter and Jordan, Michael and Moritz, Philipp},
	booktitle={International conference on machine learning},
	pages={1889--1897},
	year={2015},
	organization={PMLR}
}

@article{lillicrap2015continuous,
	title={Continuous control with deep reinforcement learning},
	author={Lillicrap, Timothy P and Hunt, Jonathan J and Pritzel, Alexander and Heess, Nicolas and Erez, Tom and Tassa, Yuval and Silver, David and Wierstra, Daan},
	journal={arXiv preprint arXiv:1509.02971},
	year={2015}
}

@inproceedings{mnih2016asynchronous,
	title={Asynchronous methods for deep reinforcement learning},
	author={Mnih, Volodymyr and Badia, Adria Puigdomenech and Mirza, Mehdi and Graves, Alex and Lillicrap, Timothy and Harley, Tim and Silver, David and Kavukcuoglu, Koray},
	booktitle={International conference on machine learning},
	pages={1928--1937},
	year={2016},
	organization={PMLR}
}

@Article{Andersson2019,
	author = {Joel A E Andersson and Joris Gillis and Greg Horn
	and James B Rawlings and Moritz Diehl},
	title = {{CasADi} -- {A} software framework for nonlinear optimization
	and optimal control},
	journal = {Mathematical Programming Computation},
	volume = {11},
	number = {1},
	pages = {1--36},
	year = {2019},
	publisher = {Springer},
	doi = {10.1007/s12532-018-0139-4}
}

@article{wachter2006implementation,
	title={On the implementation of an interior-point filter line-search algorithm for large-scale nonlinear programming},
	author={W{\"a}chter, Andreas and Biegler, Lorenz T},
	journal={Mathematical programming},
	volume={106},
	pages={25--57},
	year={2006},
	publisher={Springer}
}

@article{fang2022auv,
	title={AUV position tracking and trajectory control based on fast-deployed deep reinforcement learning method},
	author={Fang, Yuan and Huang, Zhenwei and Pu, Jinyun and Zhang, Jinsong},
	journal={Ocean Engineering},
	volume={245},
	pages={110452},
	year={2022},
	publisher={Elsevier}
}




